@Book{milewski:pigs,
     author = {Bartosz Milewski},
     title = {Category Theory for Programmers},
     publisher = {\url{https://github.com/hmemcpy/milewski-ctfp-pdf}},
     year = {2019}
}

@Book{aluffi:zero,
     author = {Paolo Aluffi},
     title = {Algebra: Chapter Zero},
     publisher = {American Mathematical Society},
     year = {2009}
}
@Book{spivak:category,
     author = {David Spivak},
     title = {Category Theory for the Sciences},
     publisher = {The MIT Press},
     year = {2014},
     address = {Cambridge, Massachusetts}
}

@techreport{leinster:basic,
Author = {Tom Leinster},
Title = {Basic Category Theory},
Year = 2016,
Eprint = {arXiv:1612.09375},
Howpublished = {Cambridge Studies in Advanced Mathematics, Vol. 143, Cambridge University Press, 2014},
}

@Book{awodey:category,
     author = {Steve Awodey},
     title = {Category theory},
     publisher = {Oxford University Press},
     year = {2010},
     address = {Oxford New York},
}

@Book{riehl:category,
     author = {Emily Riehl},
     title = {Category theory in context},
     publisher = {Dover Publications, Inc},
     year = {2016},
     address = {Mineola, New York},
}
     isbn = {048680903X}

@Book{lawvere:conceptual,
 author = {Lawvere, F. W.},
 title = {Conceptual Mathematics: A First Introduction to Categories},
 publisher = {Cambridge University Press},
 year = 2009,
 address = {Cambridge, UK New York},
}
 isbn = {978-0521719162}
